<record><leader>00000cas a22000007a 4500</leader><controlfield tag="001">17559245</controlfield><controlfield tag="008">880301d18771922ohuwr ne      0    0eng d</controlfield><datafield ind1=" " ind2=" " tag="010"><subfield code="a">sn 88077260 </subfield></datafield><datafield ind1=" " ind2=" " tag="040"><subfield code="a">ONP</subfield><subfield code="b">eng</subfield><subfield code="c">ONP</subfield><subfield code="d">OBN</subfield><subfield code="d">OCLCQ</subfield><subfield code="d">OCLCF</subfield><subfield code="d">OCLCO</subfield></datafield><datafield ind1="1" ind2=" " tag="029"><subfield code="a">AU@</subfield><subfield code="b">000025784584</subfield></datafield><datafield ind1=" " ind2=" " tag="042"><subfield code="a">msc</subfield></datafield><datafield ind1=" " ind2=" " tag="043"><subfield code="a">n-us-oh</subfield></datafield><datafield ind1="0" ind2=" " tag="130"><subfield code="a">New Paris mirror (New Paris, Ohio : 1877)</subfield></datafield><datafield ind1="1" ind2="0" tag="245"><subfield code="a">New Paris mirror.</subfield></datafield><datafield ind1=" " ind2=" " tag="260"><subfield code="a">New Paris, Ohio :</subfield><subfield code="b">C.M. Hane</subfield></datafield><datafield ind1=" " ind2=" " tag="300"><subfield code="a">v.</subfield></datafield><datafield ind1=" " ind2=" " tag="310"><subfield code="a">Weekly</subfield></datafield><datafield ind1="1" ind2=" " tag="362"><subfield code="a">Began with June 16, 1877 issue.</subfield></datafield><datafield ind1="0" ind2=" " tag="362"><subfield code="a">-v. 44, no. 33 (Feb. 16, 1922).</subfield></datafield><datafield ind1=" " ind2=" " tag="515"><subfield code="a">Vol. 8, no. 49 (Feb. 5, 1885)-v. 28, no. 7 (Apr. 21, 1904) called also whole no. 101-whole no. 951.</subfield></datafield><datafield ind1=" " ind2=" " tag="588"><subfield code="a">Description based on: Vol. 7, no. 1 (Mar. 1, 1883).</subfield></datafield><datafield ind1=" " ind2="0" tag="651"><subfield code="a">New Paris (Ohio)</subfield><subfield code="v">Newspapers.</subfield></datafield><datafield ind1=" " ind2="0" tag="651"><subfield code="a">Preble County (Ohio)</subfield><subfield code="v">Newspapers.</subfield></datafield><datafield ind1=" " ind2="7" tag="655"><subfield code="a">Newspapers.</subfield><subfield code="2">fast</subfield><subfield code="0">(OCoLC)fst01423814</subfield></datafield><datafield ind1=" " ind2="7" tag="651"><subfield code="a">Ohio</subfield><subfield code="z">New Paris.</subfield><subfield code="2">fast</subfield><subfield code="0">(OCoLC)fst01213423</subfield></datafield><datafield ind1=" " ind2="7" tag="651"><subfield code="a">Ohio</subfield><subfield code="z">Preble County.</subfield><subfield code="2">fast</subfield><subfield code="0">(OCoLC)fst01210088</subfield></datafield><datafield ind1=" " ind2=" " tag="752"><subfield code="a">United States</subfield><subfield code="b">Ohio</subfield><subfield code="c">Preble</subfield><subfield code="d">New Paris.</subfield></datafield><datafield ind1="0" ind2="4" tag="785"><subfield code="t">Eaton Democrat (Eaton, Ohio : 1908)</subfield><subfield code="w">(DLC)sn 88077274</subfield></datafield></record>